@book{Ricci:2010,
 author = {Ricci, Francesco and Rokach, Lior and Shapira, Bracha and Kantor, Paul B.},
 title = {Recommender Systems Handbook},
 year = {2010},
 isbn = {0387858199, 9780387858197},
 edition = {1st},
 publisher = {Springer-Verlag},
 address = {Berlin, Heidelberg},
}

@inproceedings{Breese:1998,
author = {Breese, John S. and Heckerman, David and Kadie, Carl},
title = {Empirical Analysis of Predictive Algorithms for Collaborative Filtering},
booktitle = {Proceedings of the Fourteenth Conference on Uncertainty in Artificial Intelligence},
series = {UAI'98},
year = {1998},
location = {Madison, Wisconsin},
pages = {43--52},
numpages = {10},
url = {http://dl.acm.org/citation.cfm?id=2074094.2074100},
acmid = {2074100},
publisher = {Morgan Kaufmann Publishers Inc.},
address = {San Francisco, CA, USA},
} 

@article{Yuan:2013,
author = {Yuan, Xiaofang and Lee, Ji-Hyun and Kim, Sun-Joong and Kim, Yoon-Hyun},
title = {Toward a User-oriented Recommendation System for Real Estate Websites},
journal = {Inf. Syst.},
issue_date = {April, 2013},
volume = {38},
number = {2},
month = apr,
year = {2013},
issn = {0306-4379},
pages = {231--243},
numpages = {13},
url = {http://dx.doi.org/10.1016/j.is.2012.08.004},
doi = {10.1016/j.is.2012.08.004},
acmid = {2398128},
publisher = {Elsevier Science Ltd.},
address = {Oxford, UK, UK},
keywords = {Case-based recommendation system, Home buyer, Housing search behavior, Ontology, Real estate website},
}

@Article{Summo:2017,
author = {Li, Shiyingxue and Nomura, Shimpei and Kikuta, Yohei and Arino, Kazuma},
year = {2017},
month = {04},
pages = {521-538},
title = {Web-Scale Personalized Real-Time Recommender System on Suumo},
doi = {10.1007/978-3-319-57529-2_41}
}

@Article{Jiang:2015,
author={Jiang, Yuanchun and Shang, Jennifer and Liu, Yezheng and May, Jerrold},
title={{Redesigning promotion strategy for e-commerce competitiveness through pricing and recommendation}},
journal={International Journal of Production Economics},
year=2015,
volume={167},
number={C},
pages={257-270},
keywords={Price promotion; Online recommendation system; Complement; Substitute},
doi={10.1016/j.ijpe.2015.02.02},
url={https://ideas.repec.org/a/eee/proeco/v167y2015icp257-270.html}
}

@article{Linden:2003,
author = {Linden, Greg and Smith, Brent and York, Jeremy},
title = {Amazon.Com Recommendations: Item-to-Item Collaborative Filtering},
journal = {IEEE Internet Computing},
issue_date = {January 2003},
volume = {7},
number = {1},
month = jan,
year = {2003},
issn = {1089-7801},
pages = {76--80},
numpages = {5},
url = {http://dx.doi.org/10.1109/MIC.2003.1167344},
doi = {10.1109/MIC.2003.1167344},
acmid = {642471},
publisher = {IEEE Educational Activities Department},
address = {Piscataway, NJ, USA},
}

@misc{souza:2014,
author = {Renata Ghisloti Duarte de Souza},
year = {2014},
month = {05},
title = {Sistemas de Recomendação - Aplicando Sistemas de Recomendação em Situações Práticas},
url = {https://www.ibm.com/developerworks/br/local/data/sistemas_recomendacao/index.html},
}

@misc{Underwood:2017,
author = {Corinna Underwood},
year = {2017},
month = {08},
title = {Use Cases of Recommendation Systems in Business - Current Applications and Methods},
url = {https://www.techemergence.com/use-cases-recommendation-systems/},
}

@misc{Kleinman:2014,
author = {Alexis Kleinman},
year = {2014},
month = {05},
title = {Netflix May Only Give You 3 Or 4 Recommendations In The Future},
url = {https://www.huffpostbrasil.com/2014/05/20/netflix-recommendations_n_5357619.html},
}

@misc{netflixprize:2009,
author = {netflixprize},
year = {2009},
month = {09},
title = {Netflix Prize},
url = {https://www.netflixprize.com/index.html},
}

@misc{JAKE:2019,
author = {JAKE FRANKENFIELD},
year = {2019},
month = {06},
title = {How Amazon Makes Money},
url = {https://www.investopedia.com/how-amazon-makes-money-4587523},
}

@misc{Forrester:2019,
author = {Lily Varon},
year = {2019},
month = {08},
title = {Forrester Has Expanded Its Coverage Of eCommerce In Latin America!},
url = {https://go.forrester.com/blogs/forrester-has-expanded-our-coverage-of-ecommerce-in-latin-america/},
}

@misc{Agenciakaizen:2019,
author = {Agenciakaizen},
year = {2019},
title = {O que são leads},
url = {https://www.agenciakaizen.com.br/leads},
}

@misc{Liva:2019,
author = {Liva},
year = {2019},
title = {Uma nova forma de comprar e vender imóveis},
url = {https://liva.vc},
}

@article{GARCIA:2015,
author = {João Miguel Gonçalves Garcia},
year = {2015},
title = {Machine Learning in a Recommendation System},
}

@article{Arraes:2008,
author = {Arraes, Ronaldo and Filho, Edmar},
year = {2008},
month = {01},
pages = {},
title = {Externalidades e formação de preços no mercado imobiliário urbano brasileiro: Um estudo de caso},
volume = {12},
journal = {Economia Aplicada},
doi = {10.1590/S1413-80502008000200006}
}

@article{Correa:2018,
author = {Correa, Rúbia and Silva, Luiz and Carvalho, Gustavo and Silva, Wesley and Gonçalves, Bruno},
year = {2018},
month = {10},
pages = {100-116},
title = {A Influência do Conhecimento e da Atitude no Comportamento de Investidor do Mercado Imobiliário},
volume = {17},
journal = {Revista de Administração FACES Journal},
doi = {10.21714/1984-6975FACES2018V17N3ART5829}
}

@article{Barreto:2019,
author = {Rosalvo Barreto},
year = {2019},
title = {O Marketing na Criação da Imagem Positiva da Imobiliária},
issn = {2448-2889},
}

@misc{BORGES:2017,
author = {Leandro Borges},
year = {2017},
title = {Funil de Marketing Digital. São Paulo: Portal QLuz: Planilhas empresariais},
url = {https://blog.luz.vc/o-que-e/funil-de-marketing-digital/},
}

@misc{INSIDEOUT:2018,
author = {insideout},
year = {2018},
title = {Como acompanhar um funil de marketing?},
url = {https://agenciainsideout.com/como-acompanhar-um-funil-de-marketing/},
}

@article{Nakamura:2011,
author = {André Massami Nakamura},
year = {2011},
title = {COMÉRCIO ELETRÔNICORISCOS NAS COMPRAS PELA INTERNET},
}

@inproceedings{Mahmood:2009:IRS:1557914.1557930,
 author = {Mahmood, Tariq and Ricci, Francesco},
 title = {Improving Recommender Systems with Adaptive Conversational Strategies},
 booktitle = {Proceedings of the 20th ACM Conference on Hypertext and Hypermedia},
 series = {HT '09},
 year = {2009},
 isbn = {978-1-60558-486-7},
 location = {Torino, Italy},
 pages = {73--82},
 numpages = {10},
 url = {http://doi.acm.org/10.1145/1557914.1557930},
 doi = {10.1145/1557914.1557930},
 acmid = {1557930},
 publisher = {ACM},
 address = {New York, NY, USA},
 keywords = {adaptivity, conversational recommender systems, markov decision process, reinforcement learning, user study},
}

@misc{Cimini:2019,
author = {Matteo Cimini},
year = {2019},
title = {Deep Learning for Collaborative Filtering (using FastAI)},
url = {https://mc.ai/deep-learning-for-collabora}
}

@article{Stefanos:2008,
author = {Zisopoulos, Harry and Karagiannidis, Savvas and Demirtsoglou, Georgios and Antaris, Stefanos},
year = {2008},
month = {11},
pages = {},
title = {Content-Based Recommendation Systems}
}

@misc{pandey:2019,
author = {Parul Pandey},
year = {2019},
title = {The Remarkable world of Recommender Systems - An overview of the Recommendation systems and how they provide an effective form of targeted marketing},
url = {https://towardsdatascience.com/the-remarkable-world-of-recommender-systems-bff4b9cbe6a7}
}

@article{Sharma:2016,
author = {Sharma, Richa and Singh, Rahul},
year = {2016},
month = {05},
pages = {},
title = {Evolution of Recommender Systems from Ancient Times to Modern Era: A Survey},
volume = {9},
journal = {Indian Journal of Science and Technology},
doi = {10.17485/ijst/2016/v9i20/88005}
}

@article{Ekstrand:2011:CFR:2185827.2185828,
 author = {Ekstrand, Michael D. and Riedl, John T. and Konstan, Joseph A.},
 title = {Collaborative Filtering Recommender Systems},
 journal = {Found. Trends Hum.-Comput. Interact.},
 issue_date = {February 2011},
 volume = {4},
 number = {2},
 month = feb,
 year = {2011},
 issn = {1551-3955},
 pages = {81--173},
 numpages = {93},
 url = {http://dx.doi.org/10.1561/1100000009},
 doi = {10.1561/1100000009},
 acmid = {2185828},
 publisher = {Now Publishers Inc.},
 address = {Hanover, MA, USA},
}

@article{Herlocker:2004,
author = {Herlocker, Jon and Konstan, Joseph and Terveen, Loren and John, and Riedl, T.},
year = {2004},
month = {01},
pages = {5-53},
title = {Evaluating collaborative filtering recommender systems},
volume = {22},
journal = {ACM Transactions on Information Systems},
doi = {10.1145/963770.963772}
}

@inproceedings{Beliakov:2011,
  title={Aggregation of Preferences in Recommender Systems},
  author={Gleb Beliakov and Tomasa Calvo and Simon James},
  booktitle={Recommender Systems Handbook},
  year={2011}
}

@article{Nilashi:2013,
author = {Nilashi, Mehrbakhsh and Bagherifard, Karamollah and Ibrahim, Assoc Prof. Dr. Othman and Alizadeh, Hamid and Lasisi, Ayodele and Roozegar, Nazanin},
year = {2013},
month = {04},
pages = {4168-4182},
title = {Collaborative Filtering Recommender Systems},
volume = {5},
journal = {Research Journal of Applied Sciences, Engineering and Technology},
doi = {10.19026/rjaset.5.4644}
}

@book{Koren:2015,
author = {Koren, Yehuda and Bell, Robert},
year = {2015},
month = {01},
pages = {77-118},
title = {Advances in Collaborative Filtering},
isbn = {978-1-4899-7636-9},
doi = {10.1007/978-1-4899-7637-6_3}
}

@inproceedings{Levinas2014AnAO,
  title={An Analysis of Memory Based Collaborative Filtering Recommender Systems with Improvement Proposals},
  author={Claudio Adrian Levinas},
  year={2014}
}

@misc{Pinela:2017,
author = {Carlos Pinela},
year = {2017},
title = {Recommender Systems — User-Based and Item-Based Collaborative Filtering},
url = {https://medium.com/@cfpinela/recommender-systems-user-based-and-item-based-collaborative-filtering-5d5f375a127f}
}

@misc{Grimaldi:2018,
author = {Emma Grimaldi},
year = {2018},
title = {How to build a content-based movie recommender system with Natural Language Processing},
url = {https://bit.ly/2rb6XG9}
}

@article{Abbattista:2002,
author = {Abbattista and M, Degemmis and Fanizzi, Nicola and Licchelli, Oriana and Lops, Pasquale and Semeraro, Giovanni},
year = {2002},
month = {08},
pages = {},
title = {Learning User Profiles for Content-Based Filtering in e-Commerce}
}

@misc{Grover:2017,
author = {Prince Grover},
year = {2017},
title = {Various Implementations of Collaborative Filtering},
url = {https://towardsdatascience.com/various-implementations-of-collaborative-filtering-100385c6dfe0}
}

@misc{Luk:2019,
author = {Kevin Luk},
year = {2019},
title = {Introduction to TWO approaches of Content-based Recommendation System},
url = {https://towardsdatascience.com/introduction-to-two-approaches-of-content-based-recommendation-system-fc797460c18c}
}

@misc{Jain:2019,
author = {Anchit Jain},
year = {2019},
title = {Movie Recommendation System — Content Filtering},
url = {https://medium.com/data-science-101/movie-recommendation-system-content-filtering-7ba425ca0920}
}

@incollection{Burke:2007,
 author = {Burke, Robin},
 chapter = {Hybrid Web Recommender Systems},
 title = {The Adaptive Web},
 editor = {Brusilovsky, Peter and Kobsa, Alfred and Nejdl, Wolfgang},
 year = {2007},
 isbn = {978-3-540-72078-2},
 pages = {377--408},
 numpages = {32},
 url = {http://dl.acm.org/citation.cfm?id=1768197.1768211},
 acmid = {1768211},
 publisher = {Springer-Verlag},
 address = {Berlin, Heidelberg},
}

@article{Chen:2012,
author = {Chen, Li and Pu, Pearl},
year = {2012},
month = {04},
pages = {},
title = {Critiquing-based recommenders: Survey and emerging trends},
volume = {22},
journal = {User Modeling and User-Adapted Interaction},
doi = {10.1007/s11257-011-9108-6}
}

@article{Kasamani:2017,
author = {Kasamani, Bernard and Nahimana, Guy},
year = {2017},
month = {08},
pages = {},
title = {A System for Recommending Rental Properties},
volume = {8},
journal = {Journal of Systems Integration},
doi = {10.20470/jsi.v8i2.310}
}

@book{Mitchell:1997:ML:541177,
 author = {Mitchell, Thomas M.},
 title = {Machine Learning},
 year = {1997},
 isbn = {0070428077, 9780070428072},
 edition = {1},
 publisher = {McGraw-Hill, Inc.},
 address = {New York, NY, USA},
}

@book{Alpaydin:2010:IML:1734076,
 author = {Alpaydin, Ethem},
 title = {Introduction to Machine Learning},
 year = {2010},
 isbn = {026201243X, 9780262012430},
 edition = {2nd},
 publisher = {The MIT Press},
}

@book{Witten:2016:DMF:3086818,
 author = {Witten, Ian H. and Frank, Eibe and Hall, Mark A. and Pal, Christopher J.},
 title = {Data Mining, Fourth Edition: Practical Machine Learning Tools and Techniques},
 year = {2016},
 isbn = {0128042915, 9780128042915},
 edition = {4th},
 publisher = {Morgan Kaufmann Publishers Inc.},
 address = {San Francisco, CA, USA},
}

@book{Han:2011:DMC:1972541,
 author = {Han, Jiawei and Kamber, Micheline and Pei, Jian},
 title = {Data Mining: Concepts and Techniques},
 year = {2011},
 isbn = {0123814790, 9780123814791},
 edition = {3rd},
 publisher = {Morgan Kaufmann Publishers Inc.},
 address = {San Francisco, CA, USA},
}

@phdthesis{Batista,
author = {Batista, Gustavo},
year = {2003},
month = {01},
pages = {},
school = {USP},
title = {Pré-processamento de dados em aprendizado de máquina supervisionado.}
}

@InCollection{Monard:2003,
  Title = {Conceitos Sobre Aprendizado de Máquina},
  Author = {Maria Carolina Monard and José Augusto Baranauskas},
  Booktitle = {Sistemas Inteligentes Fundamentos e Aplicações},
  Publisher = {Manole Ltda},
  Year = {2003},
  Address = {Barueri-SP},
  Edition = {1},
  Pages = {89--114},
  ISBN = {85-204-168}
}

@article{Kotsiantis,
author = {Kotsiantis, Sotiris},
year = {2007},
month = {10},
pages = {},
title = {Supervised Machine Learning: A Review of Classification Techniques},
volume = {31},
journal = {Informatica (Ljubljana)}
}

@Article{SirikulviriyaIntegrationOR,
  title={Integration of Rules from a Random Forest},
  author={Naphaporn Sirikulviriya and Sukree Sinthupinyo},
  year = {2011}
}

@article{Breiman:2001:RF:570181.570182,
 author = {Breiman, Leo},
 title = {Random Forests},
 journal = {Mach. Learn.},
 issue_date = {October 1 2001},
 volume = {45},
 number = {1},
 month = oct,
 year = {2001},
 issn = {0885-6125},
 pages = {5--32},
 numpages = {28},
 url = {https://doi.org/10.1023/A:1010933404324},
 doi = {10.1023/A:1010933404324},
 acmid = {570182},
 publisher = {Kluwer Academic Publishers},
 address = {Norwell, MA, USA},
 keywords = {classification, ensemble, regression},
}

@article{Amal,
author = {AlMana, Amal and Aksoy, Mehmet},
year = {2014},
month = {01},
pages = {},
title = {An Overview of Inductive Learning Algorithms},
volume = {88},
journal = {International Journal of Computer Applications},
doi = {10.5120/15340-3675}
}

@misc{Thomas:2017,
author = {Thomas Plapinger},
year = {2017},
title = {What is a Decision Tree?},
url = {https://towardsdatascience.com/what-is-a-decision-tree-22975f00f3e1}
}

@article{Drummond:2017,
author = {Tiago Drummond Lopes, Alessandro Goedtel, Rodrigo H. Cunha Palacios, Wagner Fontes Godoy},
year = {2017},
title = {Aplicação do Algoritmo Random Forest como Classificador de Padrões de Falhas em Rolamentos de Motores de Indução},
}

@misc{Chakure:2019,
author = {Afroz Chakure},
year = {2019},
title = {Random Forest Regression},
url = {https://towardsdatascience.com/random-forest-and-its-implementation-71824ced454f}
}

@misc{Vecmanis:2019,
author = {Kevin Vecmanis},
year = {2019},
title = {XGBoost Hyperparameter Tuning - A Visual Guide},
url = {https://kevinvecmanis.io/machine%20learning/hyperparameter%20tuning/dataviz/python/2019/05/11/XGBoost-Tuning-Visual-Guide.html}
}

@misc{Hoare:2019,
author = {Jake Hoare},
year = {2019},
title = {XGBoost Hyperparameter Tuning - A Visual Guide},
url = {https://www.displayr.com/gradient-boosting-the-coolest-kid-on-the-machine-learning-block/}
}

@misc{Chepenko:2019,
author = {Daniel Chepenko},
year = {2019},
title = {Introduction to gradient boosting on decision trees with Catboost},
url = {https://towardsdatascience.com/introduction-to-gradient-boosting-on-decision-trees-with-catboost-d511a9ccbd14}
}

@misc{Ben:2017,
author = {Ben Gorman},
year = {2017},
title = {A Kaggle Master Explains Gradient Boosting},
url = {http://blog.kaggle.com/2017/01/23/a-kaggle-master-explains-gradient-boosting/}
}

@misc{luo:2018,
author = {Shuyu Luo},
year = {2018},
title = {Introduction to Recommender Systemg},
url = {https://towardsdatascience.com/intro-to-recommender-system-collaborative-filtering-64a238194a26}
}

@misc{Python:2019,
author = {Python},
year = {2019},
title = {O tutorial do Python},
url = {https://docs.python.org/3/tutorial/index.html#tutorial-index}
}

@misc{Django:2019,
author = {Django},
year = {2019},
title = {Why Django?},
url = {https://www.djangoproject.com/start/overview/}
}

@misc{DjangoRest:2019,
author = {Django Rest},
year = {2019},
title = {Estrutura Rest do Django},
url = {https://www.django-rest-framework.org}
}

@misc{JavaScript:2019,
author = {JavaScript},
year = {2019},
title = {JavaScript},
url = {https://developer.mozilla.org/pt-BR/docs/Glossario/JavaScript}
}

@misc{nodejs:2019,
author = {NodeJS},
year = {2019},
title = {Sobre o Node.js},
url = {https://nodejs.org/en/about/}
}

@misc{git:2019,
author = {GIT},
year = {2019},
title = {Sobre},
url = {https://git-scm.com/about}
}

@misc{github:2019,
author = {GITHUB},
year = {2019},
title = {Sobre},
url = {https://git-scm.com/about}
}

@misc{pandas:2019,
author = {Pandas},
year = {2019},
title = {Python Data Analysis Library},
url = {https://pandas.pydata.org}
}

@misc{numpy:2019,
author = {Numpy},
year = {2019},
title = {Numpy},
url = {https://numpy.org}
}

@misc{ruby:2019,
author = {Ruby},
year = {2019},
title = {Sobre o Ruby},
url = {https://www.ruby-lang.org/pt/about/}
}

@misc{postgres:2019,
author = {PostegreSQL},
year = {2019},
title = {Sobre},
url = {https://www.postgresql.org/about/}
}

@misc{redis:2019,
author = {Redis},
year = {2019},
title = {Introduction to Redis},
url = {https://redis.io/topics/introduction}
}

@misc{zenhub:2019,
author = {Zenhub},
year = {2019},
title = {Agile Project Management and Product Roadmaps Inside GitHub},
url = {https://www.zenhub.com}
}

@misc{latex:2019,
author = {LaTeX},
year = {2019},
title = {An introduction to LaTeX},
url = {https://www.latex-project.org/about/}
}

@misc{overleaf:2019,
author = {OverLeaf},
year = {2019},
title = {Abaut us},
url = {https://www.overleaf.com/about}
}

@misc{amazonECS:2019,
author = {Amazon},
year = {2019},
title = {O que é Amazon Elastic Container Service?},
url = {https://docs.aws.amazon.com/pt_br/AmazonECS/latest/developerguide/Welcome.html}
}

@misc{PREDEGOSA:2011,
author = {PREDEGOSA},
year = {2011},
title = {Scikit-learn: Aprendizado de Máquina em Python},
url = {http://jmlr.org/papers/v12/pedregosa11a.html}
}

@misc{pickle:2019,
author = {pickle},
year = {2019},
title = {Python object serialization},
url = {https://docs.python.org/3/library/pickle.html}
}

@misc{lenon:2018,
author = {Lenon},
year = {2018},
title = {Node.js – O que é, como funciona e quais as vantagens},
url = {https://www.opus-software.com.br/node-js/}
}

@misc{reactjs:2019,
author = {ReactJS},
year = {2019},
title = {Uma biblioteca JavaScript para criar interfaces de usuário},
url = {https://pt-br.reactjs.org/}
}

@misc{bootstrap:2019,
author = {bootstrap},
year = {2019},
title = {Bootstrap},
url = {https://getbootstrap.com/}
}

@misc{portalgsti:2019,
author = {portalgsti},
year = {2019},
title = {O que é Ruby on Rails?},
url = {https://www.portalgsti.com.br/ruby-on-rails/sobre/}
}

@misc{OPENSOURCE.COM:2019,
author = {OPENSOURCE},
year = {2019},
title = {What is Docker?},
url = {https://opensource.com/resources/what-docker}
}

@misc{DOCKERHUB:2019,
author = {DOCKERHUB},
year = {2019},
title = {Build and Ship any Application Anywhere},
url = {https://hub.docker.com/}
}

@misc{XGBOOST:2019,
author = {XGBOOST},
year = {2019},
title = {Documentação do XGBoost},
url = {https://xgboost.readthedocs.io/en/latest/}
}

@misc{KINESIS:2019,
author = {KINESIS},
year = {2019},
title = {O que é o Amazon Kinesis Data Streams?},
url = {https://docs.aws.amazon.com/pt_br/streams/latest/dev/introduction.html}
}

@misc{S3:2019,
author = {Amazon},
year = {2019},
title = {Amazon S3},
url = {https://aws.amazon.com/pt/s3/}
}

@article{Paschoarelli_Medola_Bonfim_2018, title={Características Qualitativas, Quantitativas de Abordagens Científicas: estudos de caso na subárea do Design Ergonômico}, volume={2}, url={https://periodicos.unb.br/index.php/design-tecnologia-sociedade/article/view/15699}, abstractNote={&lt;p&gt;O conhecimento científico se caracteriza como um dos principais valores humanos dos últimos séculos. Seu desenvolvimento se dá a partir de questões e abordagens cientí cas, nas quais se testam hipóteses e se geram saberes. Entre as principais abordagens aceitas na comunidade acadêmica, destacam-se aquelas de ordem quantitativa e/ou qualitativa. Pesquisas na área&amp;nbsp;do Design Ergonômico abordam especialmente a inter-relação entre Usuário e Interfaces Tecnológicas. Portanto, tanto abordagens quantitativas quanto qualitativas podem ser empregadas em seus métodos. O presente texto pretende caracterizar os tipos de abordagem presentes em pesquisa cientí ca e demonstrar três estudos de caso em que as abordagens quantitativa e qualitativa (ou mesmo, quali-quantitativa) foram empregadas em investigações na subárea do Design Ergonômico. A apreciação dos estudos permite concluir que diferentes formas de abordagem são encontradas em estudos na subárea Design Ergonômico, as quais podem envolver tanto dados objetivos, quanto dados subjetivos.&lt;/p&#38;gt;}, number={1}, journal={Revista de Design, Tecnologia e Sociedade}, author={PaschoarelliLuis Carlos and MedolaFausto Orsi and BonfimGabriel Henrique Cruz}, year={2018}, month={out.}, pages={65-78} }


@article{gil:2008,
author = {Antonio Carlos Gil},
year = {2008},
title = {Métodos e técnicas de pesquisa social},
}

@article{gil:2002,
author = {Antonio Carlos Gil},
year = {2002},
title = {Como elaborar projetos de pesquisa},
pages = {16--17}
}

@book{de2013metodologia,
  title={Metodologia do Trabalho Cient{\'\i}fico: M{\'e}todos e T{\'e}cnicas da Pesquisa e do Trabalho Acad{\^e}mico - 2{\textordfeminine} Edi{\c{c}}{\~a}o},
  author={de Freitas, C.C.P.E.C.},
  isbn={9788577171583},
  url={https://books.google.com.br/books?id=zUDsAQAAQBAJ},
  year={2013},
  publisher={Editora Feevale}
}

@article{Costa,
author = {Costa, Eugenio and Politano, Paulo and Pereira, Neocles},
year = {2014},
month = {12},
pages = {895-905},
title = {Exemplo de aplicação do método de Pesquisa-ação para a solução de um problema de sistema de informação em uma empresa produtora de cana-de-açúcar},
volume = {21},
journal = {Gestão e Produção},
doi = {10.1590/S0104-530X2014005000013}
}

@misc{Moretti:2018,
author = {Isabella Moretti},
year = {2018},
title = {Metodologia de Pesquisa do TCC: conheça os tipos e veja como definir},
url = {https://viacarreira.com/metodologia-de-pesquisa-do-tcc/}
}

@article{ijcf94,
	author = {Ahu Karabulut and Esra Ergun},
	title = {A New Way of Management: A Scrum Management},
	journal = {International Journal of Commerce and Finance},
	volume = {4},
	number = {2},
	year = {2018},
	keywords = {ScrFum, Agile, Team},
	abstract = {A scrum is widely used since 1990s in software development industry which is a fast changing and demanding industry so companies need to hire qualified employees who can manage themselves in a team based organizational structure to meet and exceed customer expectations. A scrum management offers advantages to software development companies to have and sustain competitive advantages. Its adaptations into other industries may be worthwhile to be explored from a management perspective to make contributions to both software development industry and other industries. The purpose of this paper is to shed a light to a new way of management which is a scrum management to make contributions to both software development industry and other industries. The concept, roles, objects, ceremonies, process and challenges of a scrum will be explained respectively in this paper which provides a comprehensive understanding of a scrum management.},
	issn = {2149-9608},
	url = {http://ijcf.ticaret.edu.tr/index.php/ijcf/article/view/94},
	pages = {108--117}
}

@misc{knowledge21:2019,
author = {knowledge21},
year = {2019},
title = {O que é a User Story?},
url = {https://www.knowledge21.com.br/sobreagilidade/user-stories/o-que-e-user-story}
}

@misc{ARTIA:2019,
author = {ARTIA},
year = {2019},
title = {O que é e TUDO sobre como gerenciar fluxos de trabalho},
url = {https://artia.com/kanban/}
}

@book{Sutherland,
author = {Sutherland, Jeff},
year = {2010},
month = {01},
pages = {},
title = {Jeff Sutherland's Scrum Handbook}
}

@article{Viappiani,
author = {Viappiani, Paolo and Faltings, Boi and Pu, Pearl},
year = {2006},
month = {01},
pages = {},
title = {Evaluating Preference-based Search Tools: a Tale of Two Approaches},
volume = {1},
journal = {Proceedings of the National Conference on Artificial Intelligence}
}

@article{Burke,
author = {Burke, Robin and Felfernig, Alexander and Göker, Mehmet},
year = {2011},
month = {09},
pages = {13-18},
title = {Recommender Systems: An Overview},
volume = {32},
journal = {Ai Magazine},
doi = {10.1609/aimag.v32i3.2361}
}

@misc{Synced:2017,
author = {Synced},
year = {2017},
title = {Tree Boosting With XGBoost — Why Does XGBoost Win “Every” Machine Learning Competition?},
url = {https://syncedreview.com/2017/10/22/tree-boosting-with-xgboost-why-does-xgboost-win-every-machine-learning-competition/}
}

@book{smith2000mais,
  title={O mais completo guia sobre e-commerce},
  author={Smith, R. and Speaker, M. and Thompson, M.},
  isbn={9788574130385},
  url={https://books.google.com.br/books?id=f2SOtgAACAAJ},
  year={2000},
  publisher={Futura}
}
